@inproceedings{clark2013sok,
  title={SoK: SSL and HTTPS: Revisiting Past Challenges and Evaluating Certificate Trust Model Enhancements},
  author={Jeremy Clark and Paul C van Oorschot},
  booktitle={IEEE Symposium on Security and Privacy (SP), 2013},
  pages={511--525},
  year={2013},
  publisher={IEEE}
}

@inproceedings{araki2016high,
  title={High-Throughput Semi-Honest Secure Three-Party Computation with an Honest Majority},
  author={Toshinori Araki and Jun Furukawa and Yehuda Lindell and Ariel Nof and Kazuma Ohara},
  booktitle={Proceedings of the 2016 ACM SIGSAC Conference on Computer and Communications Security},
  pages={805--817},
  year={2016},
  publisher={ACM}
}

@ARTICLE{roosa2013trust,
  title={Trust Darknet: Control and Compromise in the Internet's Certificate Authority Model},
  author={Steven B Roosa and Stephen Schultze},
  journal={IEEE Internet Computing},
  volume={17},
  number={3},
  pages={18--25},
  year={2013},
  publisher={IEEE},
}

@article{zhou1999securing,
  title={Securing Ad Hoc Networks},
  author={Lidong Zhou and Zygmunt J Haas},
  journal={IEEE network},
  volume={13},
  number={6},
  pages={24--30},
  year={1999},
  publisher={IEEE}
}

@article{dong2007providing,
  title={Providing Distributed Certificate Authority Service in Cluster-Based Mobile Ad Hoc Networks},
  author={Y Dong and Ai-Fen Sui and Siu-Ming Yiu and Victor OK Li and Lucas CK Hui},
  journal={Computer Communications},
  volume={30},
  number={11},
  pages={2442--2452},
  year={2007},
  publisher={Elsevier}
}

@article{zahur2015OblivCAL,
  title={Obliv-C: A Language for Extensible Data-Oblivious Computation},
  author={Samee Zahur and David Evans},
  journal={IACR Cryptology ePrint Archive},
  volume={2015},
  pages={1153},
  year={2015},
}

@article{shamir1979share,
  title={How to Share a Secret},
  author={Adi Shamir},
  journal={Communications of the ACM},
  volume={22},
  number={11},
  pages={612--613},
  year={1979},
  publisher={ACM}
}

@inproceedings{yao1986generate,
  title={How to Generate and Exchange Secrets},
  author={Andrew Chi-Chih Yao},
  booktitle={27th Annual Symposium on Foundations of Computer Science, 1986.},
  pages={162--167},
  year={1986},
  publisher={IEEE}
}

@inproceedings{zahur2015two,
  title={Two Halves Make a Whole},
  author={Samee Zahur and Mike Rosulek and David Evans},
  booktitle={Annual International Conference on the Theory and Applications of Cryptographic Techniques},
  pages={220--250},
  year={2015},
  publisher={Springer}
}

@inproceedings{huang2012quid,
  title={Quid-pro-quo-tocols: Strengthening Semi-Honest Protocols with Dual Execution},
  author={Yan Huang and Jonathan Katz and David Evans},
  booktitle={IEEE Symposium on Security and Privacy (SP), 2012},
  pages={272--284},
  year={2012},
  publisher={IEEE}
}

@misc {attack_from_iran, 
title = {Web Browsers and Comodo Disclose A Successful Certificate Authority Attack, Perhaps From Iran},
howpublished = {\url{https://freedom-to-tinker.com/2011/03/23/web-browsers-and-comodo-disclose-successful-certificate-authority-attack-perhaps-iran/}},
author = {Steve Schultze},
note={2017-5-8},
year = {2017}
}

@misc {diginotar_hack_highlights, 
title = {DigiNotar hack highlights the Critical Failures of our SSL Web Security model},
howpublished = {\url{http://freedom-to-tinker.com/2011/09/06/diginotar-hack-highlights-critical-failures-our-ssl-web-security-model/}},
author = {Steve Schultze},
note={2017-5-8},
year = {2017}
}

@misc {elliptic_curve_domain_parameters, 
title = {SEC 2, ver. 2.0},
howpublished = {\url{http://www.secg.org/sec2-v2.pdf}},
author = {Certicom Corp},
note={2017-5-8},
year = {2017}
}

@misc {elliptic_curve_digital_signature_algorithm, 
title = {Elliptic Curve Digital Signature Algorithm-Wikipedia},
howpublished = {\url{https://en.wikipedia.org/wiki/Elliptic_Curve_Digital_Signature_Algorithm}},
author = {Wikipedia},
note={2017-5-8},
year = {2017}
}

@misc {libgmp, 
title = {The GNU MP Bignum Library},
howpublished = {\url{https://gmplib.org/}},
author = {Free Software Foundation},
note={2017-5-8},
year = {2017}
}

@misc {ietfacme, 
title = {Automatic Certificate Management Environment (ACME)},
howpublished = {\url{https://ietf-wg-acme.github.io/acme}},
author = {ACME working Group},
note={2017-5-22},
year = {2017}
}

@misc {public_key_pinning, 
title = {Certificate and Public Key Pinning - OWASP},
howpublished = {\url{https://www.owasp.org/index.php/Certificate_and_Public_Key_Pinning}},
author = {OWASP Contributors},
note={2017-6-5},
year = {2017}
}

@misc {extended_validation_certificate, 
title = {Extended Validation Certificate - Wikipedia},
howpublished = {\url{https://en.wikipedia.org/wiki/Extended_Validation_Certificate}},
author = {Wikipedia},
note={2017-6-4},
year = {2017}
}

@misc {certificate_transparency, 
title = {Certificate Transparency},
howpublished = {\url{https://www.rfc-editor.org/rfc/rfc6962.txt}},
author = {Ben Laurie and Adam Langley and Emilia Kasper},
note={2017-6-4},
year = {2017}
}

% URL includes: /#rfc.section.10

@misc {comodo_verification, 
title = {What is required for validation?},
howpublished = {\url{https://support.comodo.com/index.php?/Knowledgebase/Article/View/253/1/what-is-required-for-validation}},
author = {Comodo},
note={2017-6-2},
year = {2017}
}

@misc {lets_encrypt_cost, 
title = {Let's Encrypt Stats - Let's Encrypt - Free SSL/TLS Certificates},
howpublished = {\url{https://letsencrypt.org/stats/}},
author = {Linux Foundation},
note={2017-5-8},
year = {2017}
}

@misc {ec2_instance_pricing, 
title = {EC2 Instance Pricing - Amazon AWS Services (AWS)},
howpublished = {\url{https://aws.amazon.com/ec2/pricing/reserved-instances/pricing/}},
author = {Amazon Web Services},
note={2017-5-8},
year = {2017}
}

@misc {azure_instance_pricing, 
title = {Azure Instance Pricing - Microsoft Azure},
howpublished = {\url{https://azure.microsoft.com/en-us/pricing/details/bandwidth/}},
author = {Microsoft Azure},
note={2017-5-29},
year = {2017}
}

@misc {x509_certificate_standard, 
title = {Internet X.509 Public Key Infrastructure Certificate and Certificate Revocation List (CRL) Profile},
howpublished = {\url{https://www.ietf.org/rfc/rfc5280.txt}},
author = {D Cooper, S Santesson, S Farrell, S Boeyen, R Housley, W Polk},
note={2017-5-8},
year = {2017}
}

@misc {lets_encrypt_paypal, 
title = {Let's Encrypt has issued 15,000 SSL certificates to Paypal phishing sites},
howpublished = {\url{http://www.theinquirer.net/inquirer/news/3007326/lets-encrypt-has-issued-15-000-ssl-certificates-to-paypal-phishing-sites}},
author = {Sooraj Shah},
note={2017-5-9},
year = {2017}
}

@misc {symantec_issues_wiki, 
title = {CA: Symantec Issues},
howpublished = {\url{https://wiki.mozilla.org/CA:Symantec_Issues}},
author = {Mozilla},
note={2017-5-9},
year = {2017}
}

@misc {google_takes_symantec, 
title = {Google take Symantec to the woodshed for mis-using 30,000 HTTPS certs},
howpublished = {\url{https://arstechnica.com/security/2017/03/google-takes-symantec-to-the-woodshed-for-mis-issuing-30000-https-certs/}},
author = {Dan Goodin},
note={2017-5-9},
year = {2017}
}

@misc {certificate_signing_request, 
title = {Certificate Signing Request - Wikipedia},
howpublished = {\url{https://en.wikipedia.org/wiki/Certificate_signing_request}},
author = {Wikipedia},
note={2017-5-9},
year = {2017}
}

@misc {absentminded_crypto_kit, 
title = {jackdoerner/Absentminded Crypto Kit},
howpublished = {\url{https://bitbucket.org/jackdoerner/absentminded-crypto-kit}},
author = {Jack Doerner},
note={2017-5-9},
year = {2017}
}

@misc {openssl, 
title = {OpenSSL},
howpublished = {\url{https://www.openssl.org/}},
author = {OpenSSL Software Foundation},
note={2017-5-9},
year = {2017}
}

@misc{cryptoeprint:2015:1153,
    author = {Samee Zahur and David Evans},
    title = {Obliv-C: A Language for Extensible Data-Oblivious Computation},
    howpublished = {Cryptology ePrint Archive, Report 2015/1153},
    year = {2015},
    note = {\url{http://eprint.iacr.org/2015/1153}},
}

@misc {nistCurves, 
title = {Recommended Elliptic Curves for Federal Government Use},
howpublished = {\url{http://csrc.nist.gov/groups/ST/toolkit/documents/dss/NISTReCur.pdf}},
author = {National Institute of Standards and Technology},
note={July 1999},
year = {1999}
}

@inproceedings{yao1982protocols,
  title={Protocols for Secure Computations},
  author={Andrew C Yao},
  booktitle={23rd Annual Symposium on Foundations of Computer Science, 1982. SFCS'08.},
  pages={160--164},
  year={1982},
  publisher={IEEE}
}

@inproceedings{lindell2007efficient,
  title={An Efficient Protocol for Secure Two-Party Computation in the presence of Malicious Adversaries},
  author={Yehuda Lindell and Benny Pinkas},
  booktitle={Annual International Conference on the Theory and Applications of Cryptographic Techniques},
  pages={52--78},
  year={2007},
  publisher={Springer}
}

@incollection{huang2013efficient,
  title={Efficient Secure Two-Party Computation using Symmetric Cut-And-Choose},
  author={Yan Huang and Jonathan Katz and David Evans},
  booktitle={Advances in Cryptology--CRYPTO 2013},
  pages={18--35},
  year={2013},
  publisher={Springer}
}

@inproceedings{kolesnikov2008improved,
  title={Improved garbled circuit: Free XOR gates and applications},
  author={Vladimir Kolesnikov and Thomas Schneider},
  booktitle={Proceedings of the 35th international colloquium on Automata, Languages and Programming, Part II},
  pages={486--498},
  year={2008},
  publisher={Springer-Verlag}
}

@inproceedings{naor1999privacy,
  title={Privacy Preserving Auctions and Mechanism Design},
  author={Moni Naor and Benny Pinkas and Reuban Sumner},
  booktitle={Proceedings of the 1st ACM conference on Electronic commerce},
  pages={129--139},
  year={1999},
  publisher={ACM}
}

@inproceedings{pinkas2009secure,
  title={Secure Two-Party Computation is Practical},
  author={Benny Pinkas and Thomas Schneider and Nigel P Smart and Stephen C Williams},
  booktitle={International Conference on the Theory and Application of Cryptology and Information Security},
  pages={250--267},
  year={2009},
  publisher={Springer}
}

@article{even1985randomized,
  title={A Randomized Protocol for Signing Contracts},
  author={Shimon Even and Oded Goldreich and Abraham Lempel},
  journal={Communications of the ACM},
  volume={28},
  number={6},
  pages={637--647},
  year={1985},
  publisher={ACM}
}

@inproceedings{ishai2003extending,
  title={Extending Oblivious Transfers Efficiently},
  author={Yuval Ishai and Joe Kilian and Kobbi Nissim and Erez Petrank},
  booktitle={Annual International Cryptology Conference},
  pages={145--161},
  year={2003},
  publisher={Springer}
}

@inproceedings{naor2001efficient,
  title={Efficient oblivious transfer protocols},
  author={Moni Naor and Benny Pinkas},
  booktitle={Proceedings of the twelfth annual ACM-SIAM symposium on Discrete algorithms},
  pages={448--457},
  year={2001},
  publisher={Society for Industrial and Applied Mathematics}
}

@incollection{nielsen2012new,
  title={A new approach to practical active-secure two-party computation},
  author={Jesper Buus Nielsen and Peter Sebastian Nordholt and Claudio Orlandi and Sai Sheshank Burra},
  booktitle={Advances in Cryptology--CRYPTO 2012},
  pages={681--700},
  year={2012},
  publisher={Springer}
}

@inproceedings{harnik2008ot,
  title={OT-Combiners via Secure Computation},
  author={Danny Harnik and Yuval Ishai and Eyal Kushilevitz and Jesper Buus Nielsen},
  booktitle={Theory of Cryptography Conference},
  pages={393--411},
  year={2008},
  publisher={Springer}
}


@inproceedings{damgaard2010secure,
  title={Secure Multiparty AES},
  author={Ivan Damg{\aa}rd and Marcel Keller},
  booktitle={International Conference on Financial Cryptography and Data Security},
  pages={367--374},
  year={2010},
  publisher={Springer}
}

@inproceedings{launchbury2012efficient,
  title={Efficient Lookup-Table Protocol in Secure Multiparty Computation},
  author={John Launchbury and Iavor S Diatchki and Thomas DuBuisson and Andy Adams-Moran},
  booktitle={ACM SIGPLAN Notices},
  pages={189--200},
  year={2012},
  publisher={ACM}
}

@inproceedings{laur2013oblivious,
  title={From Oblivious AES to Efficient and Secure Database Join in the Multiparty Setting},
  author={Sven Laur and Riivo Talviste and Jan Willemson},
  booktitle={International Conference on Applied Cryptography and Network Security},
  pages={84--101},
  year={2013},
  publisher={Springer}
}

@inproceedings{ben1988completeness,
  title={Completeness Theorems for Non-Cryptographic Fault-Tolerant Distributed Computation},
  author={Michael Ben-Or and Shafi Goldwasser and Avi Wigderson},
  booktitle={Proceedings of the twentieth annual ACM symposium on Theory of computing},
  pages={1--10},
  year={1988},
  publisher={ACM}
}

@inproceedings{damgaard2009asynchronous,
  title={Asynchronous Multiparty Computation: Theory and Implementation},
  author={Ivan Damg{\aa}rd and Martin Geisler and Mikkel Kr{\o}igaard and Jesper Buus Nielsen},
  booktitle={International Workshop on Public Key Cryptography},
  pages={160--179},
  year={2009},
  publisher={Springer}
}

@inproceedings{bogdanov2008sharemind,
  title={Sharemind: A Framework for Fast Privacy-Preserving Computations},
  author={Dan Bogdanov and Sven Laur and Jan Willemson},
  booktitle={European Symposium on Research in Computer Security},
  pages={192--206},
  year={2008},
  publisher={Springer}
}

@inproceedings{kolesnikov2014public,
  title={Public Verifiability in the Covert Model (almost) for Free},
  author={Vladimir Kolesnikov and Alex J Malozemoff},
  booktitle={International Conference on the Theory and Application of Cryptology and Information Security},
  pages={210--235},
  year={2014},
  publisher={Springer}
}

@inproceedings{aumann2007security,
  title={Security Against Covert Adversaries: Efficient Protocols for Realistic Adversaries},
  author={Yonatan Aumann and Yehuda Lindell},
  booktitle={Theory of Cryptography Conference},
  pages={137--156},
  year={2007},
  publisher={Springer}
}

@inproceedings{asharov2012calling,
  title={Calling Out Cheaters: Covert Security with Public Verifiability},
  author={Gilad Asharov and Claudio Orlandi},
  booktitle={International Conference on the Theory and Application of Cryptology and Information Security},
  pages={681--698},
  year={2012},
  publisher={Springer}
}

@inproceedings{peikert2008framework,
  title={A Framework for Efficient and Composable Oblivious Transfer},
  author={Chris Peikert and Vinod Vaikuntanathan and Brent Waters},
  booktitle={Annual International Cryptology Conference},
  pages={554--571},
  year={2008},
  publisher={Springer}
}

@inproceedings{asharov2015more,
  title={More Efficient Oblivious Transfer Extensions with Security for Malicious Adversaries},
  author={Gilad Asharov and Yehuda Lindell and Thomas Schneider and Michael Zohner},
  booktitle={Annual International Conference on the Theory and Applications of Cryptographic Techniques},
  pages={673--701},
  year={2015},
  publisher={Springer}
}


@inproceedings{afshar2015efficiently,
  title={How to Efficiently Evaluate RAM Programs with Malicious Security},
  author={Arash Afshar and Zhangxiang Hu and Payman Mohassel and Mike Rosulek},
  booktitle={Annual International Conference on the Theory and Applications of Cryptographic Techniques},
  pages={702--729},
  year={2015},
  publisher={Springer}
}

@inproceedings{afshar2014non,
  title={Non-Interactive Secure Computation based on Cut-And-Choose},
  author={Arash Afshar and Payman Mohassel and Benny Pinkas and Ben Riva},
  booktitle={Annual International Conference on the Theory and Applications of Cryptographic Techniques},
  pages={387--404},
  year={2014},
  publisher={Springer}
}

@inproceedings{brandao2013secure,
  title={Secure Two-Party Computation with Reusable Bit-Commitments, via a Cut-And-Choose with Forge-And-Lose Technique},
  author={Lu{\'\i}s TAN Brand{\~a}o},
  booktitle={International Conference on the Theory and Application of Cryptology and Information Security},
  pages={441--463},
  year={2013},
  publisher={Springer}
}

@inproceedings{frederiksen2013minilego,
  title={Minilego: Efficient Secure Two-Party Computation from General Assumptions},
  author={Tore Kasper Frederiksen and Thomas Pelle Jakobsen and Jesper Buus Nielsen and Peter Sebastian Nordholt and Claudio Orlandi},
  booktitle={Annual International Conference on the Theory and Applications of Cryptographic Techniques},
  pages={537--556},
  year={2013},
  publisher={Springer}
}

@inproceedings{bellare2013efficient,
  title={{Efficient Garbling from a Fixed-Key Blockcipher}},
  author={Mihir Bellare and Viet Tung Hoang and Sriram Keelveedhi and Phillip Rogaway},
  booktitle={IEEE Symposium on Security and Privacy},
  pages={478--492},
  year={2013},
  publisher={IEEE}
}

@inproceedings{huang2014amortizing,
  title={Amortizing Garbled Circuits},
  author={Yan Huang and Jonathan Katz and Vladimir Kolesnikov and Ranjit Kumaresan and Alex J Malozemoff},
  booktitle={International Cryptology Conference},
  pages={458--475},
  year={2014},
  publisher={Springer}
}

@inproceedings{kreuter2012billion,
  title={Billion-Gate Secure Computation with Malicious Adversaries.},
  author={Benjamin Kreuter and Abhi Shelat and Chih-Hao Shen},
  booktitle={USENIX Security Symposium},
  volume={12},
  pages={285--300},
  year={2012},
  publisher={USENIX}
}

@article{lindell2016fast,
  title={Fast Cut-And-Choose-Based Protocols for Malicious and Covert Adversaries},
  author={Yehuda Lindell},
  journal={Journal of Cryptology},
  volume={29},
  number={2},
  pages={456--490},
  year={2016},
  publisher={Springer}
}

@article{lindell2012secure,
  title={Secure Two-Party Computation via Cut-And-Choose Oblivious Transfer},
  author={Yehuda Lindell and Benny Pinkas},
  journal={Journal of cryptology},
  volume={25},
  number={4},
  pages={680--722},
  year={2012},
  publisher={Springer}
}

@inproceedings{lindell2008implementing,
  title={Implementing Two-Party Computation Efficiently with Security Against Malicious Adversaries},
  author={Yehuda Lindell and Benny Pinkas and Nigel P Smart},
  booktitle={International Conference on Security and Cryptography for Networks},
  pages={2--20},
  year={2008},
  publisher={Springer}
}

@inproceedings{lindell2014cut,
  title={Cut-And-Choose Yao-Based Secure Computation in the Online/Offline and Batch Settings},
  author={Yehuda Lindell and Ben Riva},
  booktitle={International Cryptology Conference},
  pages={476--494},
  year={2014},
  publisher={Springer}
}

@inproceedings{lindell2015blazing,
  title={Blazing Fast 2pc in the Offline/Online Setting with Security for Malicious Adversaries},
  author={Yehuda Lindell and Ben Riva},
  booktitle={Proceedings of the 22nd ACM SIGSAC Conference on Computer and Communications Security},
  pages={579--590},
  year={2015},
  publisher={ACM}
}

@inproceedings{nielsen2009lego,
  title={LEGO for Two-Party Secure Computation},
  author={Jesper Buus Nielsen and Claudio Orlandi},
  booktitle={Theory of Cryptography Conference},
  pages={368--386},
  year={2009},
  publisher={Springer}
}

@inproceedings{shen2011two,
  title={Two-Output Secure Computation with Malicious Adversaries},
  author={Abhi Shelat and Chih-hao Shen},
  booktitle={Annual International Conference on the Theory and Applications of Cryptographic Techniques},
  pages={386--405},
  year={2011},
  publisher={Springer}
}

@inproceedings{shen2013fast,
  title={Fast Two-Party Secure Computation with Minimal Assumptions},
  author={Abhi Shelat and Chih-hao Shen},
  booktitle={Proceedings of the 2013 ACM SIGSAC conference on Computer \& communications security},
  pages={523--534},
  year={2013},
  publisher={ACM}
}

@inproceedings{woodruff2007revisiting,
  title={Revisiting the Efficiency of Malicious Two-Party Computation},
  author={David P Woodruff},
  booktitle={Annual International Conference on the Theory and Applications of Cryptographic Techniques},
  pages={79--96},
  year={2007},
  publisher={Springer}
}

@inproceedings{mohassel2013garbled,
  title={Garbled Circuits Checking Garbled Circuits: More Efficient and Secure Two-Party Computation},
  author={Payman Mohassel and Ben Riva},
  booktitle={Annual Cryptology Conference},
  pages={36--53},
  year={2013},
  publisher={Springer}
}

@inproceedings{husted2013gpu,
  title={{GPU and CPU Parallelization of Honest-but-Curious Secure Two-Party Computation}},
  author={Husted, Nathaniel and Myers, Steven and Shelat, Abhi and Grubbs, Paul},
  booktitle={29th Annual Computer Security Applications Conference},
  pages={169--178},
  year={2013},
  publisher={ACM}
}

@inproceedings{buescher2015faster,
  title={{Faster Secure Computation through Automatic Parallelization}},
  author={Buescher, Niklas and Katzenbeisser, Stefan},
  booktitle={USENIX Security Symposium},
  pages={531--546},
  year={2015},
  publisher={USENIX Association}
}

@misc{cabaudit,
    title = {{Audit Criteria}},
    author = {{CA/Browser~Forum}},
    howpublished = {\url{https://cabforum.org/audit-criteria/}},
    year = 2017}